<record><leader>00000cas a2200000 a 4500</leader><controlfield tag="001">18035974</controlfield><controlfield tag="008">880603c19889999kyuwr ne      0   a0eng d</controlfield><controlfield tag="009">5569</controlfield><datafield ind1=" " ind2=" " tag="010"><subfield code="a">sn 88061137 </subfield></datafield><datafield ind1=" " ind2=" " tag="040"><subfield code="a">KNP</subfield><subfield code="b">eng</subfield><subfield code="c">KNP</subfield><subfield code="d">NSD</subfield><subfield code="d">KNP</subfield><subfield code="d">OCL</subfield><subfield code="d">OCLCQ</subfield><subfield code="d">KNV</subfield><subfield code="d">OCLCQ</subfield><subfield code="d">OCLCO</subfield><subfield code="d">OCLCF</subfield></datafield><datafield ind1=" " ind2=" " tag="012"><subfield code="m">y</subfield></datafield><datafield ind1="1" ind2=" " tag="022"><subfield code="a">1055-9531</subfield><subfield code="l">1055-9531</subfield><subfield code="y">0745-8975</subfield><subfield code="2">1</subfield></datafield><datafield ind1="1" ind2=" " tag="029"><subfield code="a">AU@</subfield><subfield code="b">000020506801</subfield></datafield><datafield ind1=" " ind2=" " tag="032"><subfield code="a">095180</subfield><subfield code="b">USPS</subfield></datafield><datafield ind1=" " ind2=" " tag="037"><subfield code="b">Cave Country Newspapers, Inc., POB 546, Cave City, KY 42127</subfield></datafield><datafield ind1=" " ind2=" " tag="042"><subfield code="a">msc</subfield><subfield code="a">nsdp</subfield></datafield><datafield ind1=" " ind2=" " tag="043"><subfield code="a">n-us-ky</subfield></datafield><datafield ind1="0" ind2=" " tag="130"><subfield code="a">Progress (Cave City, Ky. : 1988)</subfield></datafield><datafield ind1=" " ind2="4" tag="222"><subfield code="a">The Progress</subfield><subfield code="b">(Cave City, Ky. 1988)</subfield></datafield><datafield ind1="1" ind2="4" tag="245"><subfield code="a">The progress.</subfield></datafield><datafield ind1="1" ind2="7" tag="246"><subfield code="a">Barren County progress</subfield></datafield><datafield ind1=" " ind2=" " tag="260"><subfield code="a">Cave City, Ky. :</subfield><subfield code="b">Cave Country Newspapers,</subfield><subfield code="c">1988-</subfield></datafield><datafield ind1=" " ind2=" " tag="300"><subfield code="a">v. :</subfield><subfield code="b">ill.</subfield></datafield><datafield ind1=" " ind2=" " tag="310"><subfield code="a">Weekly</subfield></datafield><datafield ind1="0" ind2=" " tag="362"><subfield code="a">Vol. 10. no. 9 (Mar. 3, 1988)-</subfield></datafield><datafield ind1=" " ind2=" " tag="588"><subfield code="a">Latest issue consulted: Vol. 55, no. 10 (Mar. 7, 1991).</subfield></datafield><datafield ind1=" " ind2="0" tag="651"><subfield code="a">Barren County (Ky.)</subfield><subfield code="v">Newspapers.</subfield></datafield><datafield ind1=" " ind2="0" tag="651"><subfield code="a">Cave City (Ky.)</subfield><subfield code="v">Newspapers.</subfield></datafield><datafield ind1=" " ind2="7" tag="655"><subfield code="a">Newspapers.</subfield><subfield code="2">fast</subfield><subfield code="0">(OCoLC)fst01423814</subfield></datafield><datafield ind1=" " ind2="7" tag="651"><subfield code="a">Kentucky</subfield><subfield code="z">Barren County.</subfield><subfield code="2">fast</subfield><subfield code="0">(OCoLC)fst01211111</subfield></datafield><datafield ind1=" " ind2="7" tag="651"><subfield code="a">Kentucky</subfield><subfield code="z">Cave City.</subfield><subfield code="2">fast</subfield><subfield code="0">(OCoLC)fst01218652</subfield></datafield><datafield ind1=" " ind2=" " tag="752"><subfield code="a">United States</subfield><subfield code="b">Kentucky</subfield><subfield code="c">Barren</subfield><subfield code="d">Cave City.</subfield></datafield><datafield ind1=" " ind2=" " tag="752"><subfield code="a">United States</subfield><subfield code="b">Kentucky</subfield><subfield code="c">Barren</subfield><subfield code="d">Glasgow.</subfield></datafield><datafield ind1="0" ind2="0" tag="780"><subfield code="t">Barren County progress (Cave City, Ky. : 1987)</subfield><subfield code="w">(DLC)sn 87060316</subfield></datafield></record>